<?xml version="1.0" encoding="UTF-8"?>
<OAI-PMH xmlns="http://www.openarchives.org/OAI/2.0/" xmlns:xsi="http://www.w3.org/2001/XMLSchema-instance" xsi:schemaLocation="http://www.openarchives.org/OAI/2.0/ http://www.openarchives.org/OAI/2.0/OAI-PMH.xsd">
<ListRecords>
<record>
<header status="updated">
<identifier>urm_publish:71311284180002121</identifier>
</header>
<metadata>
<record xmlns="http://www.loc.gov/MARC21/slim" xmlns:xsi="http://www.w3.org/2001/XMLSchema-instance" xsi:schemaLocation="http://www.loc.gov/MARC21/slim http://www.loc.gov/standards/marcxml/schema/MARC21slim.xsd" ><leader>02724ccm a2200385Ia 4500</leader><controlfield tag="005">20071011104423.0</controlfield><controlfield tag="008">970523t19961996nyujze   afhi  n    eng d</controlfield><controlfield tag="001">999824912502121</controlfield><datafield tag="035" ind1=" " ind2=" "><subfield code="a">(OCoLC)ocm36955854</subfield></datafield><datafield tag="035" ind1=" " ind2=" "><subfield code="9">AWR6031UW</subfield></datafield><datafield tag="035" ind1=" " ind2=" "><subfield code="a">(WU)4011138-uwmadisondb</subfield></datafield><datafield tag="040" ind1=" " ind2=" "><subfield code="a">OCO</subfield><subfield code="b">eng</subfield><subfield code="c">OCO</subfield><subfield code="d">GZM</subfield></datafield><datafield tag="049" ind1=" " ind2=" "><subfield code="a">GZZ+</subfield></datafield><datafield tag="090" ind1=" " ind2=" "><subfield code="a">M22.E93</subfield><subfield code="b">B51 1996</subfield></datafield><datafield tag="100" ind1="1" ind2=" "><subfield code="a">Evans, Bill,</subfield><subfield code="d">1929-1980.</subfield><subfield code="2">LCNAMES</subfield><subfield code="0">41-LIBRARY_OF_CONGRESS-n  81147281</subfield><subfield code="9">Y</subfield></datafield><datafield tag="240" ind1="1" ind2="0"><subfield code="a">Works.</subfield><subfield code="k">Selections</subfield></datafield><datafield tag="245" ind1="1" ind2="0"><subfield code="a">Bill Evans fake book /</subfield><subfield code="c">transcribed and edited by Pascal Wetzel from Bill Evans' recordings.</subfield></datafield><datafield tag="264" ind1=" " ind2="1"><subfield code="a">New York, NY :</subfield><subfield code="b">Ludlow Music,</subfield><subfield code="c">[1996]</subfield></datafield><datafield tag="264" ind1=" " ind2="4"><subfield code="c">©1996</subfield></datafield><datafield tag="300" ind1=" " ind2=" "><subfield code="a">1 score (101 pages) :</subfield><subfield code="b">illustrations, portraits ;</subfield><subfield code="c">31 cm</subfield></datafield><datafield tag="336" ind1=" " ind2=" "><subfield code="a">notated music</subfield><subfield code="b">ntm</subfield><subfield code="2">rdacontent</subfield></datafield><datafield tag="337" ind1=" " ind2=" "><subfield code="a">unmediated</subfield><subfield code="b">n</subfield><subfield code="2">rdamedia</subfield></datafield><datafield tag="338" ind1=" " ind2=" "><subfield code="a">volume</subfield><subfield code="b">nc</subfield><subfield code="2">rdacarrier</subfield></datafield><datafield tag="500" ind1=" " ind2=" "><subfield code="a">Piano solos and leadsheets, with chord symbols; some with lyrics.</subfield></datafield><datafield tag="500" ind1=" " ind2=" "><subfield code="a">Music by Bill Evans; lyrics from various sources.</subfield></datafield><datafield tag="500" ind1=" " ind2=" "><subfield code="a">Introductory essays by Harold Danko and Bill Kirchner.</subfield></datafield><datafield tag="500" ind1=" " ind2=" "><subfield code="a">Discography: p. [102].</subfield></datafield><datafield tag="505" ind1="0" ind2=" "><subfield code="a">B minor waltz -- Bill's belle -- Bill's hit tune -- Blue in green -- C minor blues chase -- Carnival -- Catch the wind -- Children's play song -- Chromatic tune -- Comrade Conrad -- Displacement -- Epilogue -- Five (lyric version) -- Five -- For Nenette -- Fudgesicle built for four -- Fun ride -- Funkallero -- Funny man -- G waltz -- In April (For Nenette lyric version) Interplay -- It's love it's Christmas (lyric) -- Knit for Mary F. -- Laurie (lyric version) -- Laurie -- Letter to Evan (lyric) -- Loose bloose -- Maxine -- My bells (lyric version) -- My bells -- Nyc's no lark -- One for Helen -- Only child (lyric version) -- Only child -- The opener -- Orbit -- Peace piece -- Peri's scope -- Prologue -- Quiet now -- Re: Person I knew -- Remembering the rain -- Show type tune (Tune for a lyric) -- A simple matter of conviction -- Since we met -- Song for Helen -- Story line -- Theme (What you gave) -- There came you -- These things called changes -- 34 skidoo -- Tiffany -- Time remembered (lyric version) -- Time remembered -- Turn out the stars (lyric version) -- Turn out the stars -- T.T.T. (Twelve tone tune -- T.T.T.T. (Twelve tone tune two) -- The two lonely people (lyric version) -- The two lonely people -- Very early (lyric version) -- Very early -- Walkin' up -- Waltz for Debby -- Waltz for Debby (lyric version) -- Waltz in E♭ -- We will meet again -- Yet ne'er broken -- Your story.</subfield></datafield><datafield tag="650" ind1=" " ind2="0"><subfield code="a">Piano music (Jazz)</subfield><subfield code="v">Fake books.</subfield><subfield code="2">LCSH</subfield><subfield code="0">41-LIBRARY_OF_CONGRESS-sh 85101805</subfield><subfield code="9">Y</subfield></datafield><datafield tag="650" ind1=" " ind2="0"><subfield code="a">Jazz</subfield><subfield code="v">Fake books.</subfield><subfield code="2">LCSH</subfield><subfield code="0">41-LIBRARY_OF_CONGRESS-sh 93003428</subfield><subfield code="9">Y</subfield></datafield><datafield tag="650" ind1=" " ind2="0"><subfield code="a">Music</subfield><subfield code="v">Fake books.</subfield><subfield code="2">LCSH</subfield><subfield code="0">41-LIBRARY_OF_CONGRESS-sh 95009186</subfield><subfield code="9">Y</subfield></datafield><datafield tag="650" ind1=" " ind2="0"><subfield code="a">Piano music, Arranged</subfield><subfield code="v">Fake books.</subfield><subfield code="2">LCSH</subfield><subfield code="0">41-LIBRARY_OF_CONGRESS-sh 85101791</subfield><subfield code="9">Y</subfield></datafield><datafield tag="700" ind1="1" ind2=" "><subfield code="a">Wetzel, Pascal.</subfield><subfield code="2">LCNAMES</subfield><subfield code="0">41-LIBRARY_OF_CONGRESS-no 00016818</subfield><subfield code="9">Y</subfield></datafield><datafield tag="994" ind1=" " ind2=" "><subfield code="a">E0</subfield><subfield code="b">GZM</subfield></datafield><datafield tag="997" ind1=" " ind2=" "><subfield code="a">MARCIVE</subfield></datafield><datafield tag="650" ind1=" " ind2="0"><subfield code="a">Fake books (Music)</subfield><subfield code="2">LCSH</subfield><subfield code="0">41-LIBRARY_OF_CONGRESS-sh 95009186</subfield><subfield code="9">N</subfield></datafield><datafield tag="650" ind1=" " ind2="0"><subfield code="a">Fakebooks (Music)</subfield><subfield code="2">LCSH</subfield><subfield code="0">41-LIBRARY_OF_CONGRESS-sh 95009186</subfield><subfield code="9">N</subfield></datafield><datafield tag="650" ind1=" " ind2="0"><subfield code="w">g</subfield><subfield code="a">Jazz</subfield><subfield code="2">LCSH</subfield><subfield code="0">41-LIBRARY_OF_CONGRESS-sh 85101805</subfield><subfield code="9">R</subfield></datafield><datafield tag="100" ind1="1" ind2=" "><subfield code="a">Evans, William John,</subfield><subfield code="d">1929-1980</subfield><subfield code="2">LCNAMES</subfield><subfield code="0">41-LIBRARY_OF_CONGRESS-n  81147281</subfield><subfield code="9">N</subfield></datafield><datafield tag="INST" ind1=" " ind2=" "><subfield code="a">01UWI_NETWORK</subfield><subfield code="b">P</subfield><subfield code="c">71311284180002121</subfield></datafield><datafield tag="INST" ind1=" " ind2=" "><subfield code="a">01UWI_MAD</subfield><subfield code="b">P</subfield><subfield code="c">21619040560002122</subfield></datafield><datafield tag="AVA" ind1=" " ind2=" "><subfield code="0">9940111383602122</subfield><subfield code="8">22619040550002122</subfield><subfield code="a">01UWI_MAD</subfield><subfield code="b">MUSIC</subfield><subfield code="c">Stacks</subfield><subfield code="d">M22.E93 B51 1996</subfield><subfield code="e">available</subfield><subfield code="f">1</subfield><subfield code="g">0</subfield><subfield code="j">stk</subfield><subfield code="k">0</subfield><subfield code="p">1</subfield><subfield code="q">Music Library (Mills)</subfield></datafield><datafield tag="MMS" ind1=" " ind2=" "><subfield code="b">999824912502121</subfield><subfield code="a">01UWI_NETWORK</subfield></datafield><datafield tag="MMS" ind1=" " ind2=" "><subfield code="b">9940111383602122</subfield><subfield code="a">01UWI_MAD</subfield></datafield></record>
</metadata>
</record>
</ListRecords>
</OAI-PMH>